@article{DBLP:journals/corr/KeetL15,
  author    = {C. Maria Keet and
               Agnieszka Lawrynowicz},
  title     = {Test-Driven Development of ontologies (extended version)},
  journal   = {CoRR},
  volume    = {abs/1512.06211},
  year      = {2015},
  url       = {http://arxiv.org/abs/1512.06211},
  timestamp = {Sat, 02 Jan 2016 11:38:49 +0100},
  biburl    = {http://dblp.uni-trier.de/rec/bib/journals/corr/KeetL15},
  bibsource = {dblp computer science bibliography, http://dblp.org}
}

@inproceedings{DBLP:conf/esws/KeetL16,
	author    = {C. Maria Keet and
	Agnieszka Lawrynowicz},
	title     = {Test-Driven Development of Ontologies},
	booktitle = {The Semantic Web. Latest Advances and New Domains - 13th International
	Conference, {ESWC} 2016, Heraklion, Crete, Greece, May 29 - June 2,
	2016, Proceedings},
	pages     = {642--657},
	year      = {2016},
	crossref  = {DBLP:conf/esws/2016},
	url       = {http://dx.doi.org/10.1007/978-3-319-34129-3_39},
	doi       = {10.1007/978-3-319-34129-3_39},
	timestamp = {Mon, 23 May 2016 13:46:28 +0200},
	biburl    = {http://dblp.uni-trier.de/rec/bib/conf/esws/KeetL16},
	bibsource = {dblp computer science bibliography, http://dblp.org}
}

@proceedings{DBLP:conf/esws/2016,
	editor    = {Harald Sack and
	Eva Blomqvist and
	Mathieu d'Aquin and
	Chiara Ghidini and
	Simone Paolo Ponzetto and
	Christoph Lange},
	title     = {The Semantic Web. Latest Advances and New Domains - 13th International
	Conference, {ESWC} 2016, Heraklion, Crete, Greece, May 29 - June 2,
	2016, Proceedings},
	series    = {Lecture Notes in Computer Science},
	volume    = {9678},
	publisher = {Springer},
	year      = {2016},
	url       = {http://dx.doi.org/10.1007/978-3-319-34129-3},
	doi       = {10.1007/978-3-319-34129-3},
	isbn      = {978-3-319-34128-6},
	timestamp = {Mon, 23 May 2016 13:28:43 +0200},
	biburl    = {http://dblp.uni-trier.de/rec/bib/conf/esws/2016},
	bibsource = {dblp computer science bibliography, http://dblp.org}
}

@article{DBLP:journals/infsof/BissiNE16,
	author    = {Wilson Bissi and
	Adolfo Gustavo Serra Seca Neto and
	Maria Cl{\'{a}}udia Figueiredo Pereira Emer},
	title     = {The effects of test driven development on internal quality, external
	quality and productivity: {A} systematic review},
	journal   = {Information {\&} Software Technology},
	volume    = {74},
	pages     = {45--54},
	year      = {2016},
	url       = {http://dx.doi.org/10.1016/j.infsof.2016.02.004},
	doi       = {10.1016/j.infsof.2016.02.004},
	timestamp = {Mon, 25 Apr 2016 19:47:34 +0200},
	biburl    = {http://dblp.uni-trier.de/rec/bib/journals/infsof/BissiNE16},
	bibsource = {dblp computer science bibliography, http://dblp.org}
}

@inproceedings{DBLP:conf/dlog/LawrynowiczK16,
	author    = {Agnieszka Lawrynowicz and
	C. Maria Keet},
	title     = {The TDDonto Tool for Test-Driven Development of {DL} Knowledge bases},
	booktitle = {Proceedings of the 29th International Workshop on Description Logics,
	Cape Town, South Africa, April 22-25, 2016.},
	year      = {2016},
	crossref  = {DBLP:conf/dlog/2016},
	url       = {http://ceur-ws.org/Vol-1577/paper_15.pdf},
	timestamp = {Mon, 30 May 2016 16:28:37 +0200},
	biburl    = {http://dblp.uni-trier.de/rec/bib/conf/dlog/LawrynowiczK16},
	bibsource = {dblp computer science bibliography, http://dblp.org}
}

@proceedings{DBLP:conf/dlog/2016,
	editor    = {Maurizio Lenzerini and
	Rafael Pe{\~{n}}aloza},
	title     = {Proceedings of the 29th International Workshop on Description Logics,
	Cape Town, South Africa, April 22-25, 2016},
	series    = {{CEUR} Workshop Proceedings},
	volume    = {1577},
	publisher = {CEUR-WS.org},
	year      = {2016},
	url       = {http://ceur-ws.org/Vol-1577},
	urn       = {urn:nbn:de:0074-1577-5},
	timestamp = {Mon, 30 May 2016 16:28:37 +0200},
	biburl    = {http://dblp.uni-trier.de/rec/bib/conf/dlog/2016},
	bibsource = {dblp computer science bibliography, http://dblp.org}
}